@misc{least-weird-forum-user,
	title = {Have you ever locked yourself in the bathroom to read?},
	note = {https://forums.onlinebookclub.org/viewtopic.php?t=16313},
	language = {en-US},
	urldate = {2024-01-12},
}

@inproceedings{dong2023behind,
    title={Behind the Scenes: Uncovering TLS and Server Certificate Practice of IoT Device Vendors in the Wild},
    author={Dong, Hongying and Shu, Hao and Prakash, Vijay and Zhang, Yizhe and Paracha, Muhammad Talha and Choffnes, David and Torres-Arias, Santiago and Huang, Danny Yuxing and Sun, Yixin},
    booktitle={Proceedings of the 2023 ACM on Internet Measurement Conference},
    pages={457--477},
    year={2023}
}

